%% This BibTeX bibliography file was created using BibDesk.
%% http://bibdesk.sourceforge.net/


%% Created for Andrew at 2023-09-29 12:52:18 +1000 


%% Saved with string encoding Unicode (UTF-8) 



@article{LiHuangLiLiuFan2021a,
	author = {Sirui Li and Gang Huang and Xichen Li and Jiping Liu and Guangzhou Fan},
	date-added = {2023-09-29 12:49:51 +1000},
	date-modified = {2023-09-29 12:49:51 +1000},
	doi = {10.3389/feart.2021.649743},
	journal = {Frontiers in Earth Science},
	month = {apr},
	publisher = {Frontiers Media {SA}},
	title = {An Assessment of the {Antarctic} Sea Ice Mass Budget Simulation in {CMIP}6 Historical Experiment},
	url = {https://doi.org/10.3389%2Ffeart.2021.649743},
	volume = {9},
	year = 2021,
	bdsk-file-1 = {YnBsaXN0MDDSAQIDBFxyZWxhdGl2ZVBhdGhZYWxpYXNEYXRhXxAsLi4vLi4vLi4vLi4vRXByaW50cy9MaUh1YW5nTGlMaXVGYW4yMDIxYS5wZGZPEQF8AAAAAAF8AAIAAAxNYWNpbnRvc2ggSEQAAAAAAAAAAAAAAAAAAADg01ZWQkQAAf////8YTGlIdWFuZ0xpTGl1RmFuMjAyMWEucGRmAAAAAAAAAAAAAAAAAAAAAAAAAAAAAAAAAAAAAAAAAAAAAAAAAAAA/////9z/lVVQREYgAAAAAAAEAAIAAAogY3UAAAAAAAAAAAAAAAAAB0VwcmludHMAAAIANy86VXNlcnM6YW5keTpEb2N1bWVudHM6RXByaW50czpMaUh1YW5nTGlMaXVGYW4yMDIxYS5wZGYAAA4AMgAYAEwAaQBIAHUAYQBuAGcATABpAEwAaQB1AEYAYQBuADIAMAAyADEAYQAuAHAAZABmAA8AGgAMAE0AYQBjAGkAbgB0AG8AcwBoACAASABEABIANVVzZXJzL2FuZHkvRG9jdW1lbnRzL0VwcmludHMvTGlIdWFuZ0xpTGl1RmFuMjAyMWEucGRmAAATAAEvAAAVAAIAC///AAAACAANABoAJABTAAAAAAAAAgEAAAAAAAAABQAAAAAAAAAAAAAAAAAAAdM=},
	bdsk-url-1 = {https://doi.org/10.3389%2Ffeart.2021.649743},
	bdsk-url-2 = {https://doi.org/10.3389/feart.2021.649743}}

@article{TsujinoETAL2020a,
	author = {Tsujino, H. and Urakawa, L. S. and Griffies, S. M. and Danabasoglu, G. and Adcroft, A. J. and Amaral, A. E. and Arsouze, T. and Bentsen, M. and Bernardello, R. and B\"oning, C. W. and Bozec, A. and Chassignet, E. P. and Danilov, S. and Dussin, R. and Exarchou, E. and Fogli, P. G. and Fox-Kemper, B. and Guo, C. and Ilicak, M. and Iovino, D. and Kim, W. M. and Koldunov, N. and Lapin, V. and Li, Y. and Lin, P. and Lindsay, K. and Liu, H. and Long, M. C. and Komuro, Y. and Marsland, S. J. and Masina, S. and Nummelin, A. and Rieck, J. K. and Ruprich-Robert, Y. and Scheinert, M. and Sicardi, V. and Sidorenko, D. and Suzuki, T. and Tatebe, H. and Wang, Q. and Yeager, S. G. and Yu, Z.},
	date-added = {2023-09-29 12:46:03 +1000},
	date-modified = {2023-09-29 12:46:03 +1000},
	doi = {10.5194/gmd-13-3643-2020},
	journal = {Geoscientific Model Development},
	keywords = {omip2, omip-2},
	number = {8},
	pages = {3643--3708},
	title = {Evaluation of global ocean--sea-ice model simulations based on the experimental protocols of the {Ocean Model Intercomparison Project} phase 2 ({OMIP-2})},
	url = {https://gmd.copernicus.org/articles/13/3643/2020/},
	volume = {13},
	year = {2020},
	bdsk-file-1 = {YnBsaXN0MDDSAQIDBFxyZWxhdGl2ZVBhdGhZYWxpYXNEYXRhXxAoLi4vLi4vLi4vLi4vRXByaW50cy9Uc3VqaW5vRVRBTDIwMjBhLnBkZk8RAWwAAAAAAWwAAgAADE1hY2ludG9zaCBIRAAAAAAAAAAAAAAAAAAAAODTVlZCRAAB/////xRUc3VqaW5vRVRBTDIwMjBhLnBkZgAAAAAAAAAAAAAAAAAAAAAAAAAAAAAAAAAAAAAAAAAAAAAAAAAAAAAAAAD/////22rIz1BERiAAAAAAAAQAAgAACiBjdQAAAAAAAAAAAAAAAAAHRXByaW50cwAAAgAzLzpVc2VyczphbmR5OkRvY3VtZW50czpFcHJpbnRzOlRzdWppbm9FVEFMMjAyMGEucGRmAAAOACoAFABUAHMAdQBqAGkAbgBvAEUAVABBAEwAMgAwADIAMABhAC4AcABkAGYADwAaAAwATQBhAGMAaQBuAHQAbwBzAGgAIABIAEQAEgAxVXNlcnMvYW5keS9Eb2N1bWVudHMvRXByaW50cy9Uc3VqaW5vRVRBTDIwMjBhLnBkZgAAEwABLwAAFQACAAv//wAAAAgADQAaACQATwAAAAAAAAIBAAAAAAAAAAUAAAAAAAAAAAAAAAAAAAG/},
	bdsk-file-2 = {YnBsaXN0MDDSAQIDBFxyZWxhdGl2ZVBhdGhZYWxpYXNEYXRhXxAtLi4vLi4vLi4vLi4vRXByaW50cy9Uc3VqaW5vRVRBTDIwMjBhLXN1cHAucGRmTxEBfgAAAAABfgACAAAMTWFjaW50b3NoIEhEAAAAAAAAAAAAAAAAAAAA4NNWVkJEAAH/////GVRzdWppbm9FVEFMMjAyMGEtc3VwcC5wZGYAAAAAAAAAAAAAAAAAAAAAAAAAAAAAAAAAAAAAAAAAAAAAAAAAAP/////basjcAAAAAAAAAAAABAACAAAKIGN1AAAAAAAAAAAAAAAAAAdFcHJpbnRzAAACADgvOlVzZXJzOmFuZHk6RG9jdW1lbnRzOkVwcmludHM6VHN1amlub0VUQUwyMDIwYS1zdXBwLnBkZgAOADQAGQBUAHMAdQBqAGkAbgBvAEUAVABBAEwAMgAwADIAMABhAC0AcwB1AHAAcAAuAHAAZABmAA8AGgAMAE0AYQBjAGkAbgB0AG8AcwBoACAASABEABIANlVzZXJzL2FuZHkvRG9jdW1lbnRzL0VwcmludHMvVHN1amlub0VUQUwyMDIwYS1zdXBwLnBkZgATAAEvAAAVAAIAC///AAAACAANABoAJABUAAAAAAAAAgEAAAAAAAAABQAAAAAAAAAAAAAAAAAAAdY=},
	bdsk-file-3 = {YnBsaXN0MDDSAQIDBFxyZWxhdGl2ZVBhdGhZYWxpYXNEYXRhXxApLi4vLi4vLi4vLi4vRXByaW50cy9Uc3VqaW5vRVRBTDIwMjBhLWNvZGVPEQFwAAAAAAFwAAIAAQxNYWNpbnRvc2ggSEQAAAAAAAAAAAAAAAAAAADg01ZWQkQAAf////8VVHN1amlub0VUQUwyMDIwYS1jb2RlAAAAAAAAAAAAAAAAAAAAAAAAAAAAAAAAAAAAAAAAAAAAAAAAAAAAAAAA/////9sxvMgAAAAAAAAAAAAEAAIAAAogY3UAAAAAAAAAAAAAAAAAB0VwcmludHMAAAIANS86VXNlcnM6YW5keTpEb2N1bWVudHM6RXByaW50czpUc3VqaW5vRVRBTDIwMjBhLWNvZGUvAAAOACwAFQBUAHMAdQBqAGkAbgBvAEUAVABBAEwAMgAwADIAMABhAC0AYwBvAGQAZQAPABoADABNAGEAYwBpAG4AdABvAHMAaAAgAEgARAASADJVc2Vycy9hbmR5L0RvY3VtZW50cy9FcHJpbnRzL1RzdWppbm9FVEFMMjAyMGEtY29kZQATAAEvAAAVAAIAC///AAAACAANABoAJABQAAAAAAAAAgEAAAAAAAAABQAAAAAAAAAAAAAAAAAAAcQ=},
	bdsk-url-1 = {https://gmd.copernicus.org/articles/13/3643/2020/},
	bdsk-url-2 = {https://doi.org/10.5194/gmd-13-3643-2020},
	bdsk-url-3 = {https://repository.library.brown.edu/studio/item/bdr:1114617/}}

@techreport{FettererKnowlesMeierSavoieWindnagel2017a,
	author = {Fetterer, F. and K. Knowles and W. Meier and M. Savoie and A. K. Windnagel},
	date-added = {2023-09-29 12:44:16 +1000},
	date-modified = {2023-09-29 12:44:16 +1000},
	doi = {10.7265/N5K072F8},
	institution = {NSIDC: National Snow and Ice Data Center, Boulder, Colorado, USA},
	title = {Sea Ice Index, Version 3},
	url = {https://doi.org/10.7265/N5K072F8},
	year = {2017, updated daily},
	bdsk-url-1 = {https://doi.org/10.7265/N5K072F8}}

@article{KissETAL2020a,
	author = {Kiss, A. E. and Hogg, A. McC. and Hannah, N. and Boeira Dias, F. and Brassington, G. B. and Chamberlain, M. A. and Chapman, C. and Dobrohotoff, P. and Domingues, C. M. and Duran, E. R. and England, M. H. and Fiedler, R. and Griffies, S. M. and Heerdegen, A. and Heil, P. and Holmes, R. M. and Klocker, A. and Marsland, S. J. and Morrison, A. K. and Munroe, J. and Nikurashin, M. and Oke, P. R. and Pilo, G. S. and Richet, O. and Savita, A. and Spence, P. and Stewart, K. D. and Ward, M. L. and Wu, F. and Zhang, X.},
	contributions = {40\%: largely responsible for configuring and running the largest model, coordinating paper and writing technical description and sea ice analysis},
	date-added = {2023-09-29 12:41:58 +1000},
	date-modified = {2023-09-29 12:41:58 +1000},
	doi = {10.5194/gmd-13-401-2020},
	googlecitations = {57},
	googlecitationsdate = {12 April 2022},
	googlescholar = {https://scholar.google.com.au/scholar?q=10.5194/gmd-13-401-2020},
	journal = {Geoscientific Model Development},
	number = {2},
	pages = {401--442},
	publonscitations = {37},
	publonscitationsdate = {12 April 2022},
	title = {{ACCESS-OM2} v1.0: a global ocean--sea ice model at three resolutions},
	url = {https://www.geosci-model-dev.net/13/401/2020/},
	volume = {13},
	year = {2020},
	bdsk-file-1 = {YnBsaXN0MDDSAQIDBFxyZWxhdGl2ZVBhdGhZYWxpYXNEYXRhXxAlLi4vLi4vLi4vLi4vRXByaW50cy9LaXNzRVRBTDIwMjBhLnBkZk8RAV4AAAAAAV4AAgAADE1hY2ludG9zaCBIRAAAAAAAAAAAAAAAAAAAAODTVlZCRAAB/////xFLaXNzRVRBTDIwMjBhLnBkZgAAAAAAAAAAAAAAAAAAAAAAAAAAAAAAAAAAAAAAAAAAAAAAAAAAAAAAAAAAAAD/////2mGI4lBERiAAAAAAAAQAAgAACiBjdQAAAAAAAAAAAAAAAAAHRXByaW50cwAAAgAwLzpVc2VyczphbmR5OkRvY3VtZW50czpFcHJpbnRzOktpc3NFVEFMMjAyMGEucGRmAA4AJAARAEsAaQBzAHMARQBUAEEATAAyADAAMgAwAGEALgBwAGQAZgAPABoADABNAGEAYwBpAG4AdABvAHMAaAAgAEgARAASAC5Vc2Vycy9hbmR5L0RvY3VtZW50cy9FcHJpbnRzL0tpc3NFVEFMMjAyMGEucGRmABMAAS8AABUAAgAL//8AAAAIAA0AGgAkAEwAAAAAAAACAQAAAAAAAAAFAAAAAAAAAAAAAAAAAAABrg==},
	bdsk-file-2 = {YnBsaXN0MDDSAQIDBFxyZWxhdGl2ZVBhdGhZYWxpYXNEYXRhXxA0Li4vLi4vLi4vLi4vcGFwZXJzL3B1Ymxpc2hlZCBwYXBlcnMvYWNjZXNzLW9tMi1wYXBlck8RAYQAAAAAAYQAAgABDE1hY2ludG9zaCBIRAAAAAAAAAAAAAAAAAAAAODTVlZCRAAB/////xBhY2Nlc3Mtb20yLXBhcGVyAAAAAAAAAAAAAAAAAAAAAAAAAAAAAAAAAAAAAAAAAAAAAAAAAAAAAAAAAAAAAAD/////15HTggAAAAAAAAAAAAQAAwAACiBjdQAAAAAAAAAAAAAAAAAQcHVibGlzaGVkIHBhcGVycwACAEAvOlVzZXJzOmFuZHk6RG9jdW1lbnRzOnBhcGVyczpwdWJsaXNoZWQgcGFwZXJzOmFjY2Vzcy1vbTItcGFwZXIvAA4AIgAQAGEAYwBjAGUAcwBzAC0AbwBtADIALQBwAGEAcABlAHIADwAaAAwATQBhAGMAaQBuAHQAbwBzAGgAIABIAEQAEgA9VXNlcnMvYW5keS9Eb2N1bWVudHMvcGFwZXJzL3B1Ymxpc2hlZCBwYXBlcnMvYWNjZXNzLW9tMi1wYXBlcgAAEwABLwAAFQACAAv//wAAAAgADQAaACQAWwAAAAAAAAIBAAAAAAAAAAUAAAAAAAAAAAAAAAAAAAHj},
	bdsk-url-1 = {https://www.geosci-model-dev.net/13/401/2020/},
	bdsk-url-2 = {https://doi.org/10.5194/gmd-13-401-2020},
	bdsk-url-3 = {https://scholar.google.com.au/scholar?q=10.5194/gmd-13-401-2020}}

@article{TsujinoETAL2018a,
	author = {Tsujino, Hiroyuki and Urakawa, Shogo and Nakano, Hideyuki and Small, R. Justin and Kim, Who M. and Yeager, Stephen G. and Danabasoglu, Gokhan and Suzuki, Tatsuo and Bamber, Jonathan L. and Bentsen, Mats and Claus W. B{\"o}ning and Alexandra Bozec and Eric P. Chassignet and Enrique Curchitser and Fabio Boeira Dias and Paul J. Durack and Stephen M. Griffies and Yayoi Harada and Mehmet Ilicak and Simon A. Josey and Chiaki Kobayashi and Shinya Kobayashi and Yoshiki Komuro and William G. Large and Julien Le Sommer and Simon J. Marsland and Simona Masina and Markus Scheinert and Hiroyuki Tomita and Maria Valdivieso and Dai Yamazaki},
	date-added = {2023-09-29 12:39:28 +1000},
	date-modified = {2023-09-29 12:39:28 +1000},
	doi = {10.1016/j.ocemod.2018.07.002},
	issn = {1463-5003},
	journal = {Ocean Modelling},
	month = {Jul},
	pages = {79-139},
	publisher = {Elsevier BV},
	title = {{JRA-55} based surface dataset for driving ocean - sea-ice models {(JRA55-do)}},
	url = {http://dx.doi.org/10.1016/j.ocemod.2018.07.002},
	volume = {130},
	year = {2018},
	bdsk-file-1 = {YnBsaXN0MDDSAQIDBFxyZWxhdGl2ZVBhdGhZYWxpYXNEYXRhXxAoLi4vLi4vLi4vLi4vRXByaW50cy9Uc3VqaW5vRVRBTDIwMThhLnBkZk8RAWwAAAAAAWwAAgAADE1hY2ludG9zaCBIRAAAAAAAAAAAAAAAAAAAAODTVlZCRAAB/////xRUc3VqaW5vRVRBTDIwMThhLnBkZgAAAAAAAAAAAAAAAAAAAAAAAAAAAAAAAAAAAAAAAAAAAAAAAAAAAAAAAAD/////18GNXlBERiAAAAAAAAQAAgAACiBjdQAAAAAAAAAAAAAAAAAHRXByaW50cwAAAgAzLzpVc2VyczphbmR5OkRvY3VtZW50czpFcHJpbnRzOlRzdWppbm9FVEFMMjAxOGEucGRmAAAOACoAFABUAHMAdQBqAGkAbgBvAEUAVABBAEwAMgAwADEAOABhAC4AcABkAGYADwAaAAwATQBhAGMAaQBuAHQAbwBzAGgAIABIAEQAEgAxVXNlcnMvYW5keS9Eb2N1bWVudHMvRXByaW50cy9Uc3VqaW5vRVRBTDIwMThhLnBkZgAAEwABLwAAFQACAAv//wAAAAgADQAaACQATwAAAAAAAAIBAAAAAAAAAAUAAAAAAAAAAAAAAAAAAAG/},
	bdsk-url-1 = {http://dx.doi.org/10.1016/j.ocemod.2018.07.002},
	bdsk-url-2 = {https://github.com/HiroyukiTsujino/JRA55-do/}}

@article{ZhangRothrock2003a,
	author = {Zhang, Jinlun and Rothrock, D. A.},
	date-added = {2023-09-29 12:39:05 +1000},
	date-modified = {2023-09-29 12:39:05 +1000},
	doi = {10.1175/1520-0493(2003)131<0845:mgsiwa>2.0.co;2},
	issn = {1520-0493},
	journal = {Monthly Weather Review},
	keywords = {GIOMAS},
	month = {May},
	number = {5},
	pages = {845--861},
	publisher = {American Meteorological Society},
	title = {Modeling Global Sea Ice with a Thickness and Enthalpy Distribution Model in Generalized Curvilinear Coordinates},
	url = {http://dx.doi.org/10.1175/1520-0493(2003)131<0845:MGSIWA>2.0.CO;2},
	volume = {131},
	year = {2003},
	bdsk-file-1 = {YnBsaXN0MDDSAQIDBFxyZWxhdGl2ZVBhdGhZYWxpYXNEYXRhXxAqLi4vLi4vLi4vLi4vRXByaW50cy9aaGFuZ1JvdGhyb2NrMjAwM2EucGRmTxEBdAAAAAABdAACAAAMTWFjaW50b3NoIEhEAAAAAAAAAAAAAAAAAAAA4NNWVkJEAAH/////FlpoYW5nUm90aHJvY2syMDAzYS5wZGYAAAAAAAAAAAAAAAAAAAAAAAAAAAAAAAAAAAAAAAAAAAAAAAAAAAAAAP/////X2VSqUERGIAAAAAAABAACAAAKIGN1AAAAAAAAAAAAAAAAAAdFcHJpbnRzAAACADUvOlVzZXJzOmFuZHk6RG9jdW1lbnRzOkVwcmludHM6WmhhbmdSb3Rocm9jazIwMDNhLnBkZgAADgAuABYAWgBoAGEAbgBnAFIAbwB0AGgAcgBvAGMAawAyADAAMAAzAGEALgBwAGQAZgAPABoADABNAGEAYwBpAG4AdABvAHMAaAAgAEgARAASADNVc2Vycy9hbmR5L0RvY3VtZW50cy9FcHJpbnRzL1poYW5nUm90aHJvY2syMDAzYS5wZGYAABMAAS8AABUAAgAL//8AAAAIAA0AGgAkAFEAAAAAAAACAQAAAAAAAAAFAAAAAAAAAAAAAAAAAAAByQ==},
	bdsk-url-1 = {http://dx.doi.org/10.1175/1520-0493(2003)131%3C0845:MGSIWA%3E2.0.CO;2},
	bdsk-url-2 = {http://dx.doi.org/10.1175/1520-0493(2003)131%3C0845:mgsiwa%3E2.0.co;2},
	bdsk-url-3 = {http://psc.apl.washington.edu/zhang/Global_seaice/index.html}}

@article{WorbyGeigerPagetVan-WoertAckleyDeLiberty2008a,
	author = {Worby, Anthony P. and Geiger, Cathleen A. and Paget, Matthew J. and Van Woert, Michael L. and Ackley, Stephen F. and DeLiberty, Tracy L.},
	date-added = {2023-09-29 11:24:14 +1000},
	date-modified = {2023-09-29 11:24:14 +1000},
	doi = {10.1029/2007jc004254},
	issn = {0148-0227},
	journal = {Journal of Geophysical Research},
	keywords = {ASPeCt, ASPeCt sea ice thickness data},
	month = {May},
	number = {C5},
	publisher = {American Geophysical Union (AGU)},
	title = {Thickness distribution of {Antarctic} sea ice},
	url = {http://dx.doi.org/10.1029/2007JC004254},
	volume = {113},
	year = {2008},
	bdsk-file-1 = {YnBsaXN0MDDSAQIDBFxyZWxhdGl2ZVBhdGhZYWxpYXNEYXRhXxBFLi4vLi4vLi4vLi4vRXByaW50cy9Xb3JieUdlaWdlclBhZ2V0VmFuLVdvZXJ0QWNrbGV5RGVMaWJlcnR5MjAwOGEucGRmTxEB3gAAAAAB3gACAAAMTWFjaW50b3NoIEhEAAAAAAAAAAAAAAAAAAAA4NNWVkJEAAH/////H1dvcmJ5R2VpZ2VyUGFnZXRWYSNGRkZGRkZGRi5wZGYAAAAAAAAAAAAAAAAAAAAAAAAAAAAAAAAAAAAAAAAAAP/////XwW9zUERGIAAAAAAABAACAAAKIGN1AAAAAAAAAAAAAAAAAAdFcHJpbnRzAAACAFAvOlVzZXJzOmFuZHk6RG9jdW1lbnRzOkVwcmludHM6V29yYnlHZWlnZXJQYWdldFZhbi1Xb2VydEFja2xleURlTGliZXJ0eTIwMDhhLnBkZgAOAGQAMQBXAG8AcgBiAHkARwBlAGkAZwBlAHIAUABhAGcAZQB0AFYAYQBuAC0AVwBvAGUAcgB0AEEAYwBrAGwAZQB5AEQAZQBMAGkAYgBlAHIAdAB5ADIAMAAwADgAYQAuAHAAZABmAA8AGgAMAE0AYQBjAGkAbgB0AG8AcwBoACAASABEABIATlVzZXJzL2FuZHkvRG9jdW1lbnRzL0VwcmludHMvV29yYnlHZWlnZXJQYWdldFZhbi1Xb2VydEFja2xleURlTGliZXJ0eTIwMDhhLnBkZgATAAEvAAAVAAIAC///AAAACAANABoAJABsAAAAAAAAAgEAAAAAAAAABQAAAAAAAAAAAAAAAAAAAk4=},
	bdsk-url-1 = {http://dx.doi.org/10.1029/2007JC004254},
	bdsk-url-2 = {http://dx.doi.org/10.1029/2007jc004254},
	bdsk-url-3 = {http://aspect.antarctica.gov.au/data}}

@article{WorbySteerLieserHeilYiMarkusAllisonMassomGalin2011a,
	abstract = {The SeaIcePhysicsandEcosystemeXperiment(SIPEX)wasconductedintheEastAntarcticpackice
zone between115-1301E from9September11October,2007.Insitumeasurementsofsea-iceand
snow propertieswereconductedat15icestations,togetherwithship-basedASPeCtobservations.The
ice andsnowthicknessvariedconsiderablyindifferentregionsofthepackice,withparticularlythick
ice associatedwithdeformationandastrongslopejetinthesouthwestofthestudyregion.Themean
ice thicknesswas0.99m(1.57mexcludingthenorthernmarginalicezones),butvariedfrom0.61m
along thesouthernlegto1.80malongthewesternleg,withpocketsofconsiderablythickericeinsome
regions.Swellwasobservedontwooccasionspenetratingmorethan330kmsouthoftheiceedgeinto
regionswith80-100%iceconcentration.IcethicknessescalculatedfromnearcoincidentICESatlaser
altimetry(1.74m)aresimilartothe in-situ observationsinthecentralpack(1.57m).},
	author = {Worby, AP and Steer, AD and Lieser, JL and Heil, P and Yi, D and Markus, T and Allison, I and Massom, RA and Galin, N and Zwally, J},
	date-added = {2023-09-29 11:24:04 +1000},
	date-modified = {2023-09-29 11:24:04 +1000},
	doi = {10.1016/j.dsr2.2010.12.001},
	journal = {Deep-Sea Research. Part 2: Topical Studies in Oceanography},
	keywords = {Antarctic; sea ice thickness; snow thickness; International Polar Year},
	note = {ISSN 0967-0645},
	number = {9-10},
	pages = {1125-1136},
	title = {Regional-scale sea-ice and snow thickness distributions from in situ and satellite measurements over {East Antarctica} during {SIPEX} 2007},
	url = {http://ecite.utas.edu.au/76094},
	volume = {58},
	year = {2011},
	bdsk-url-1 = {http://ecite.utas.edu.au/76094},
	bdsk-url-2 = {http://dx.doi.org/10.1016/j.dsr2.2010.12.001}}

@article{KacimiKwok2020a,
	author = {Sahra Kacimi and Ron Kwok},
	date-added = {2023-09-29 11:23:56 +1000},
	date-modified = {2023-09-29 11:23:56 +1000},
	doi = {10.5194/tc-14-4453-2020},
	journal = {The Cryosphere},
	month = {dec},
	number = {12},
	pages = {4453--4474},
	publisher = {Copernicus {GmbH}},
	title = {The Antarctic sea ice cover from {ICESat}-2 and {CryoSat}-2: freeboard, snow depth, and ice thickness},
	url = {https://doi.org/10.5194%2Ftc-14-4453-2020},
	volume = {14},
	year = 2020,
	bdsk-file-1 = {YnBsaXN0MDDSAQIDBFxyZWxhdGl2ZVBhdGhZYWxpYXNEYXRhXxAnLi4vLi4vLi4vLi4vRXByaW50cy9LYWNpbWlLd29rMjAyMGEucGRmTxEBZgAAAAABZgACAAAMTWFjaW50b3NoIEhEAAAAAAAAAAAAAAAAAAAA4NNWVkJEAAH/////E0thY2ltaUt3b2syMDIwYS5wZGYAAAAAAAAAAAAAAAAAAAAAAAAAAAAAAAAAAAAAAAAAAAAAAAAAAAAAAAAAAP/////fJSc5AAAAAAAAAAAABAACAAAKIGN1AAAAAAAAAAAAAAAAAAdFcHJpbnRzAAACADIvOlVzZXJzOmFuZHk6RG9jdW1lbnRzOkVwcmludHM6S2FjaW1pS3dvazIwMjBhLnBkZgAOACgAEwBLAGEAYwBpAG0AaQBLAHcAbwBrADIAMAAyADAAYQAuAHAAZABmAA8AGgAMAE0AYQBjAGkAbgB0AG8AcwBoACAASABEABIAMFVzZXJzL2FuZHkvRG9jdW1lbnRzL0VwcmludHMvS2FjaW1pS3dvazIwMjBhLnBkZgATAAEvAAAVAAIAC///AAAACAANABoAJABOAAAAAAAAAgEAAAAAAAAABQAAAAAAAAAAAAAAAAAAAbg=},
	bdsk-url-1 = {https://doi.org/10.5194%2Ftc-14-4453-2020},
	bdsk-url-2 = {https://doi.org/10.5194/tc-14-4453-2020}}

@article{KingMarshallColwellArndtAllenSaderPhillips2022a,
	author = {John C. King and Gareth J. Marshall and Steve Colwell and Stefanie Arndt and Clare Allen-Sader and Tony Phillips},
	date-added = {2023-09-29 11:23:40 +1000},
	date-modified = {2023-09-29 11:23:40 +1000},
	doi = {10.1029/2022jc018805},
	journal = {Journal of Geophysical Research: Oceans},
	keywords = {ERA5},
	month = {sep},
	number = {9},
	publisher = {American Geophysical Union ({AGU})},
	title = {The Performance of the {ERA}-Interim and {ERA}5 Atmospheric Reanalyses Over {Weddell Sea} Pack Ice},
	url = {https://doi.org/10.1029%2F2022jc018805},
	volume = {127},
	year = 2022,
	bdsk-file-1 = {YnBsaXN0MDDSAQIDBFxyZWxhdGl2ZVBhdGhZYWxpYXNEYXRhXxBHLi4vLi4vLi4vLi4vRXByaW50cy9LaW5nTWFyc2hhbGxDb2x3ZWxsQXJuZHRBbGxlblNhZGVyUGhpbGxpcHMyMDIyYS5wZGZPEQHmAAAAAAHmAAIAAAxNYWNpbnRvc2ggSEQAAAAAAAAAAAAAAAAAAADg01ZWQkQAAf////8fS2luZ01hcnNoYWxsQ29sd2VsI0ZGRkZGRkZGLnBkZgAAAAAAAAAAAAAAAAAAAAAAAAAAAAAAAAAAAAAAAAAA/////+AT8wxQREYgAAAAAAAEAAIAAAogY3UAAAAAAAAAAAAAAAAAB0VwcmludHMAAAIAUi86VXNlcnM6YW5keTpEb2N1bWVudHM6RXByaW50czpLaW5nTWFyc2hhbGxDb2x3ZWxsQXJuZHRBbGxlblNhZGVyUGhpbGxpcHMyMDIyYS5wZGYADgBoADMASwBpAG4AZwBNAGEAcgBzAGgAYQBsAGwAQwBvAGwAdwBlAGwAbABBAHIAbgBkAHQAQQBsAGwAZQBuAFMAYQBkAGUAcgBQAGgAaQBsAGwAaQBwAHMAMgAwADIAMgBhAC4AcABkAGYADwAaAAwATQBhAGMAaQBuAHQAbwBzAGgAIABIAEQAEgBQVXNlcnMvYW5keS9Eb2N1bWVudHMvRXByaW50cy9LaW5nTWFyc2hhbGxDb2x3ZWxsQXJuZHRBbGxlblNhZGVyUGhpbGxpcHMyMDIyYS5wZGYAEwABLwAAFQACAAv//wAAAAgADQAaACQAbgAAAAAAAAIBAAAAAAAAAAUAAAAAAAAAAAAAAAAAAAJY},
	bdsk-url-1 = {https://doi.org/10.1029%2F2022jc018805},
	bdsk-url-2 = {https://doi.org/10.1029/2022jc018805}}
